<?xml version="1.0" encoding="UTF-8"?><collection xmlns="http://www.loc.gov/MARC21/slim"><record><leader>00387nam--2200133-i-4500</leader><controlfield tag="001">000032419</controlfield><controlfield tag="002">20161230</controlfield><controlfield tag="005">20161230201039</controlfield><controlfield tag="008">060222s1000------------r-----000-0-eng-d</controlfield><datafield ind1=" " ind2=" " tag="080"><subfield code="a">665.51.063.61</subfield></datafield><datafield ind1=" " ind2=" " tag="100"><subfield code="a">Maskin, E.A</subfield></datafield><datafield ind1=" " ind2=" " tag="245"><subfield code="a">Operatorul de la instalatiile de desemulsionare din schelele petrolifere</subfield></datafield><datafield ind1=" " ind2=" " tag="260"><subfield code="a">[Bucuresti], Ed.Tehnica, 1954, 116p.Cu Ilustr.+ Erata</subfield></datafield><datafield ind1=" " ind2=" " tag="852"><subfield code="a">3185</subfield></datafield></record></collection>